@article{suprapti2017,
  title={Control of spatial protection in Kauman Semarang},
  author={Suprapti, Atiek and Kistanto, Nurdien H and Pandelaki, Edward E and Indrosaptono, Djoko},
  journal={Journal of Architecture and Urbanism},
  volume={41},
  number={4},
  pages={268--277},
  year={2017},
  publisher={Taylor \& Francis}
}
